@article{small,
author = {Yu. Yu. Tsiovkin, M. A. Korotin, A. O. Shorikov, V. I. Anisimov, A. N. Voloshinskii, A. V. Lukoyanov, E. S. Koneva, A. A. Povzner, and M. A. Surin},
title = {Calculation of temperature dependendence of electrical resistivity in the transuranium metals and their alloys},
journal = {Phys. Rev. B},
year = 2007,
volume = {76},
note = {075119-075129},
}
